<record><leader>00000cas a22000007a 4500</leader><controlfield tag="001">17800949</controlfield><controlfield tag="008">880416d19141918nyuwr ne      0    0eng d</controlfield><datafield ind1=" " ind2=" " tag="010"><subfield code="a">sn 88074167 </subfield></datafield><datafield ind1=" " ind2=" " tag="040"><subfield code="a">NYS</subfield><subfield code="b">eng</subfield><subfield code="c">NYS</subfield><subfield code="d">NYG</subfield><subfield code="d">OCLCQ</subfield></datafield><datafield ind1=" " ind2=" " tag="042"><subfield code="a">msc</subfield></datafield><datafield ind1="0" ind2="0" tag="245"><subfield code="a">Delanson and Quaker Street review.</subfield></datafield><datafield ind1=" " ind2=" " tag="260"><subfield code="a">Delanson, N.Y. :</subfield><subfield code="b">Crowe Pub. Co.</subfield></datafield><datafield ind1=" " ind2=" " tag="300"><subfield code="a">v.</subfield></datafield><datafield ind1=" " ind2=" " tag="310"><subfield code="a">Weekly</subfield></datafield><datafield ind1="0" ind2=" " tag="362"><subfield code="a">Vol. 23, no. 17 (Jan 8, 1914)-v. 27, no. 21 (Feb. 1, 1918).</subfield></datafield><datafield ind1=" " ind2="4" tag="651"><subfield code="a">Delanson (N.Y.)</subfield><subfield code="v">Newspapers.</subfield></datafield><datafield ind1=" " ind2="4" tag="651"><subfield code="a">Quaker Street (N.Y.)</subfield><subfield code="v">Newspapers.</subfield></datafield><datafield ind1=" " ind2=" " tag="752"><subfield code="a">United States</subfield><subfield code="b">New York</subfield><subfield code="c">Schenectady</subfield><subfield code="d">Delanson.</subfield></datafield><datafield ind1=" " ind2=" " tag="752"><subfield code="a">United States</subfield><subfield code="b">New York</subfield><subfield code="c">Schenectady</subfield><subfield code="d">Quaker Street.</subfield></datafield><datafield ind1="0" ind2="0" tag="780"><subfield code="t">Quaker Street review</subfield><subfield code="w">(DLC)sn 88074099</subfield><subfield code="w">(OCoLC)17349958</subfield></datafield><datafield ind1="0" ind2="0" tag="785"><subfield code="t">Review (Quaker Street, N.Y.)</subfield><subfield code="w">(DLC)sn 88074369</subfield><subfield code="w">(OCoLC)17959143</subfield></datafield></record>